<record><leader>00000cas a2200000 a 4500</leader><controlfield tag="001">11686757</controlfield><controlfield tag="008">850212d19752000iluwr ne      0   a0eng c</controlfield><datafield ind1=" " ind2=" " tag="010"><subfield code="a">sn 85000603 </subfield></datafield><datafield ind1=" " ind2=" " tag="040"><subfield code="a">NSD</subfield><subfield code="b">eng</subfield><subfield code="c">NSD</subfield><subfield code="d">NVF</subfield><subfield code="d">CVF</subfield><subfield code="d">NVF</subfield><subfield code="d">OCLCQ</subfield><subfield code="d">OCLCF</subfield><subfield code="d">OCLCO</subfield></datafield><datafield ind1=" " ind2=" " tag="012"><subfield code="m">1</subfield></datafield><datafield ind1="1" ind2=" " tag="022"><subfield code="a">8750-6998</subfield><subfield code="l">8750-6998</subfield><subfield code="2">1</subfield></datafield><datafield ind1="1" ind2=" " tag="029"><subfield code="a">AU@</subfield><subfield code="b">000020351082</subfield></datafield><datafield ind1=" " ind2=" " tag="032"><subfield code="a">733730</subfield><subfield code="b">USPS</subfield></datafield><datafield ind1=" " ind2=" " tag="042"><subfield code="a">nsdp</subfield><subfield code="a">pcc</subfield></datafield><datafield ind1=" " ind2=" " tag="043"><subfield code="a">n-us-il</subfield></datafield><datafield ind1=" " ind2="0" tag="222"><subfield code="a">Lemont metropolitan</subfield></datafield><datafield ind1="0" ind2="0" tag="245"><subfield code="a">Lemont metropolitan.</subfield></datafield><datafield ind1="1" ind2="3" tag="246"><subfield code="a">Met</subfield></datafield><datafield ind1=" " ind2=" " tag="260"><subfield code="a">Lemont, Ill. :</subfield><subfield code="b">Suburbs Ahead, Inc.,</subfield><subfield code="c">1975-2000.</subfield></datafield><datafield ind1=" " ind2=" " tag="300"><subfield code="a">v.</subfield></datafield><datafield ind1=" " ind2=" " tag="310"><subfield code="a">Weekly</subfield></datafield><datafield ind1="0" ind2=" " tag="362"><subfield code="a">Vol. 1, no. 1 (Oct. 30, 1975)-v. 34, no. 30 (July 27, 2000).</subfield></datafield><datafield ind1=" " ind2=" " tag="580"><subfield code="a">Merged with: Lemont reporter, to form: Lemont reporter/met.</subfield></datafield><datafield ind1=" " ind2="0" tag="651"><subfield code="a">Lemont (Ill.)</subfield><subfield code="v">Newspapers.</subfield></datafield><datafield ind1=" " ind2="0" tag="651"><subfield code="a">Lockport (Ill.)</subfield><subfield code="v">Newspapers.</subfield></datafield><datafield ind1=" " ind2="0" tag="651"><subfield code="a">Homer (Ill. : Township)</subfield><subfield code="v">Newspapers.</subfield></datafield><datafield ind1=" " ind2="7" tag="655"><subfield code="a">Newspapers.</subfield><subfield code="2">fast</subfield><subfield code="0">(OCoLC)fst01423814</subfield></datafield><datafield ind1=" " ind2="7" tag="651"><subfield code="a">Illinois</subfield><subfield code="z">Homer (Township)</subfield><subfield code="2">fast</subfield><subfield code="0">(OCoLC)fst01335911</subfield></datafield><datafield ind1=" " ind2="7" tag="651"><subfield code="a">Illinois</subfield><subfield code="z">Lemont.</subfield><subfield code="2">fast</subfield><subfield code="0">(OCoLC)fst01213957</subfield></datafield><datafield ind1=" " ind2="7" tag="651"><subfield code="a">Illinois</subfield><subfield code="z">Lockport.</subfield><subfield code="2">fast</subfield><subfield code="0">(OCoLC)fst01213917</subfield></datafield><datafield ind1=" " ind2=" " tag="752"><subfield code="a">United States</subfield><subfield code="b">Illinois</subfield><subfield code="c">Cook</subfield><subfield code="d">Lemont.</subfield></datafield><datafield ind1="0" ind2="5" tag="780"><subfield code="t">Lockport metropolitan</subfield><subfield code="w">(DLC)sn 98063285</subfield><subfield code="w">(OCoLC)40185799</subfield></datafield><datafield ind1="0" ind2="5" tag="780"><subfield code="t">Homer Township metropolitan</subfield><subfield code="w">(DLC)sn 98063284</subfield><subfield code="w">(OCoLC)40185693</subfield></datafield><datafield ind1="1" ind2="7" tag="785"><subfield code="t">Lemont reporter</subfield><subfield code="w">(DLC)sn 94060758</subfield><subfield code="w">(OCoLC)31351382</subfield></datafield><datafield ind1="1" ind2="7" tag="785"><subfield code="t">Lemont reporter/met</subfield><subfield code="w">(DLC)sn2002060783</subfield><subfield code="w">(OCoLC)51039584</subfield></datafield></record>